@inproceedings{smartgreens,
  author       = {Avinash Nagarajan and
                  Alan McGibney and
                  Pio Fenton and
                  Ignacio Casti{\~{n}}eiras},
  title        = {A Carbon-Neutral, Community-Based, Reactive and Scalable Ride-Sharing
                  Service},
  booktitle    = {SMARTGREENS'23},
  pages        = {28--39},
  publisher    = {{SCITEPRESS}},
  year         = {2023},
  url          = {https://doi.org/10.5220/0011842500003491},
  doi          = {10.5220/0011842500003491},
  timestamp    = {Tue, 23 May 2023 17:04:00 +0200},
  biburl       = {https://dblp.org/rec/conf/smartgreens/NagarajanMFC23.bib},
  bibsource    = {dblp computer science bibliography, https://dblp.org}
}

@MISC{greendeal,
  author = {{EU Green Deal}},
  year      = {{2020}},
  note = {\url{https://ec.europa.eu/info/strategy/priorities-2019-2024/european-green-deal_en}}

}

@article{evplanning,
title = "Economic planning of electric vehicle charging stations considering traffic constraints and load profile templates",
author = "Yue Xiang and Junyong Liu and Ran Li and Furong Li and Chenghong Gu and Shuoya Tang",
year = "2016",
volume = "178",
pages = "647--659",
journal = "Applied Energy",
publisher = "Elsevier",
}

@article{energydatamanagement,
  author    = {Panagiotis D. Diamantoulakis and
               Vasileios M. Kapinas and
               George K. Karagiannidis},
  title     = {Big Data Analytics for Dynamic Energy Management in Smart Grids},
  journal   = {Big Data Res.},
  volume    = {2},
  number    = {3},
  pages     = {94--101},
  year      = {2015},
  url       = {https://doi.org/10.1016/j.bdr.2015.03.003},
  doi       = {10.1016/j.bdr.2015.03.003},
  timestamp = {Sat, 22 Feb 2020 13:47:23 +0100},
  biburl    = {https://dblp.org/rec/journals/bdr/DiamantoulakisK15.bib},
  bibsource = {dblp computer science bibliography, https://dblp.org}
}

@article{optimiserideshare,
  author    = {Niels A. H. Agatz and
               Alan L. Erera and
               Martin W. P. Savelsbergh and
               Xing Wang},
  title     = {Optimization for dynamic ride-sharing: {A} review},
  journal   = {Eur. J. Oper. Res.},
  volume    = {223},
  number    = {2},
  pages     = {295--303},
  year      = {2012},
  url       = {https://doi.org/10.1016/j.ejor.2012.05.028},
  doi       = {10.1016/j.ejor.2012.05.028},
  timestamp = {Fri, 21 Feb 2020 13:19:02 +0100},
  biburl    = {https://dblp.org/rec/journals/eor/AgatzESW12.bib},
  bibsource = {dblp computer science bibliography, https://dblp.org}
}

@article{soa_rideshare,
author = {Furuhata, Masabumi and Dessouky, Maged and Ordóñez, Fernando and Brunet, Marc-Etienne and Wang, Xiaoqing and Koenig, Sven},
year = {2013},
month = {11},
pages = {28–46},
title = {Ridesharing: The state-of-the-art and future directions},
volume = {57},
journal = {Transportation Research Part B: Methodological},
doi = {10.1016/j.trb.2013.08.012}
}

@inbook{vrp_survey,
author = {Jaillet, Patrick and Wagner, Michael},
year = {2008},
month = {01},
pages = {221--237},
title = {Online Vehicle Routing Problems: A Survey},
volume = {43},
isbn = {978-0-387-77777-1},
journal = {The Vehicle Routing Problem: Latest Advances and New Challenges},
doi = {10.1007/978-0-387-77778-8_10}
}

@MISC{hashcode,
  author = {{Google HashCode}},
  year = {2018},
  note = {\url{https://codingcompetitions.withgoogle.com/hashcode/archive/2018}}
}

@article{gridmap,
author = {Ramsdale, Jason and Balme, Matthew and Conway, Susan and Gallagher, Colman and Gasselt, Stephan and Hauber, E. and Orgel, Csilla and Séjourné, Antoine and Skinner Jr, James and Costard, Francois and Johnsson, Andreas and Losiak, Anna and Reiss, Dennis and Swirad, Zuzanna and Kereszturi, Akos and Smith, Isaac and Platz, Thomas},
year = {2017},
month = {04},
title = {Grid-based mapping: A method for rapidly determining the spatial distributions of small features over very large areas},
volume = {140},
journal = {Planetary and Space Science},
doi = {10.1016/j.pss.2017.04.002}
}

@MISC{nyctaxi,
  author = {{NYC Taxi Zones}},
  year = {2023},
  note = {\url{https://data.cityofnewyork.us/Transportation/NYC-Taxi-Zones/d3c5-ddgc}}
}

@MISC{nyc_data,
  author = {{NYC Green Taxi data}},
  year = {2018},
  note = {\url{https://data.cityofnewyork.us/Transportation/2018-Green-Taxi-Trip-Data/w7fs-fd9i}}
}

@article{nyc_geo_study,
  author    = {Nivan Ferreira and
               Jorge Poco and
               Huy T. Vo and
               Juliana Freire and
               Cl{\'{a}}udio T. Silva},
  title     = {Visual Exploration of Big Spatio-Temporal Urban Data: {A} Study of
               New York City Taxi Trips},
  journal   = {{IEEE} Trans. Vis. Comput. Graph.},
  volume    = {19},
  number    = {12},
  pages     = {2149--2158},
  year      = {2013},
  url       = {https://doi.org/10.1109/TVCG.2013.226},
  doi       = {10.1109/TVCG.2013.226},
  timestamp = {Thu, 14 Oct 2021 08:59:27 +0200},
  biburl    = {https://dblp.org/rec/journals/tvcg/FerreiraPVFS13.bib},
  bibsource = {dblp computer science bibliography, https://dblp.org}
}


@inproceedings{Reference1,
  author    = { M. Guériau and
               I. Dusparic },
  title     = {SAMoD: Shared Autonomous Mobility-on-Demand using Decentralized Reinforcement Learning},
  booktitle = {ITSC'18},
  pages     = {1558--1563},
  year      = {2018},
  doi       = {10.1109/ITSC.2018.8569608},
  url       = {https://ieeexplore.ieee.org/abstract/document/8569608}
}

@inproceedings{Reference2,
  author    = { K. Lin and
               R. Zhao and
               J. Zhou and
               Z. Xu},
  title     = {Efficient Large-Scale Fleet Management via Multi-Agent Deep Reinforcement Learning},
  booktitle = {SIGKDD'18},
  pages     = {1774--1783},
  publisher = {ACM},
  year      = {2018},
  doi       = {10.1145/3219819.3219993},
  url       = {https://dl.acm.org/doi/abs/10.1145/3219819.3219993}
}

@inproceedings{Reference3,
  author={C. Fluri and C. Ruch and J. Zilly and J. Hakenberg and E. Frazzoli},
  title={{Learning to Operate a Fleet of Cars}},
  booktitle = {ITSC'19},
  pages     = {2292–2298},
  year      = {2019},
  doi       = {10.1109/ITSC.2019.8917533},
  url       = {https://ieeexplore.ieee.org/abstract/document/8917533}
}

@Article{Reference4,
  author={A. O. Al-Abbasi and A. Ghosh and V. Aggarwal},
  title={{DeepPool: Distributed Model-Free Algorithm for Ride-Sharing Using Deep Reinforcement Learning}},
  journal={IEEE Transactions on Intelligent Transportation Systems},
  year={2019},
  volume={20},
  number={12},
  pages={4714–4727},
  doi={10.1109/TITS.2019.2931830},
  url={https://ieeexplore.ieee.org/abstract/document/8793143}
}

@Article{Reference5,
  author={A. Singh and A. O. Al-Abbasi and V. Aggarwal},
  title={{A Distributed Model-Free Algorithm for Multi-Hop Ride-Sharing Using Deep Reinforcement Learning}},
  journal={IEEE Transactions on Intelligent Transportation Systems},
  year={2022},
  volume={23},
  number={7},
  pages={8595–8605},
  doi={10.1109/TITS.2021.3083740},
  url={https://ieeexplore.ieee.org/abstract/document/9477304}
}

@Article{Reference6,
  author={M. Zhu et al.},
  title={{Public Vehicles for Future Urban Transportation}},
  journal={IEEE Transactions on Intelligent Transportation Systems},
  year={2016},
  volume={17},
  number={12},
  pages={3344–3353},
  doi={10.1109/TITS.2016.2543263},
  url={https://ieeexplore.ieee.org/abstract/document/7471482}
}

@MISC{Reference7,
  author = {{Uber}},
  note = {\url{https://www.uber.com/ie/en/ride/uberx-share/}}
}

@MISC{Reference8,
  author = {{Lyft}},
  note = {\url{https://www.lyft.com/rider}}
}

@inproceedings{Reference9,
  author    = {B. Li and N. Ammar and P. Tiwari and H. Peng},
  title     = {Decentralized Ride-sharing of Shared Autonomous Vehicles Using Graph Neural Network-Based Reinforcement Learning},
  booktitle = {ICRA'22},
  pages     = {912--918},
  publisher = {IEEE Press},
  year      = {2022},
  doi       = {10.1109/ICRA46639.2022.9811596},
  url       = {https://ieeexplore.ieee.org/abstract/document/9811596}
}

@Article{Reference101,
  author={ Z. (Tony) Qin and H. Zhu and J. Ye},
  title={{Reinforcement learning for ridesharing: An extended survey}},
  journal={ Transportation Research (Part C)},
  year={2022},
  volume={144},
  number={12},
  pages={103852},
  doi={10.1016/j.trc.2022.103852},
  url={https://www.sciencedirect.com/science/article/pii/S0968090X22002716}
}

@Article{Reference102,
  author={L. Canese and G. Cardarilli and L. Nuzio and R. Fazzolari and D. Giardino and M. Re and S. Spano },
  title={{Multi-Agent Reinforcement Learning: A Review of Challenges and Applications}},
  journal={ Applied Sciences},
  year={2021},
  volume={11},
  number={11},
  pages={4948},
  doi={10.3390/app11114948},
  url={https://www.mdpi.com/2076-3417/11/11/4948}
}

@Article{Reference103,
  author={T. Chouaki and S. Hörl and J. Puchinger },
  title={{Implementing reinforcement learning for on-demand vehicle rebalancing in MATSim}},
  journal={Procedia Computer Science},
  year={2022},
  volume={201},
  number={201},
  pages={134–141},
  doi={10.1016/j.procs.2022.03.020},
  url={https://www.sciencedirect.com/science/article/pii/S187705092200432X}
}

@inproceedings{Reference104,
  author    = {E. Negeri and N. Baken},
  title     = {SMART INTEGRATION OF ELECTRIC VEHICLES IN AN ENERGY COMMUNITY},
  booktitle = {1st International Conference on Smart Grids and Green IT Systems, Porto, Portugal},
  pages     = {25–32},
  publisher = {SciTePress - Science and and Technology Publications},
  year      = {2012},
  doi       = {10.5220/0003952400250032},
  url       = {http://www.scitepress.org/DigitalLibrary/Link.aspx?doi=10.5220/0003952400250032}
}

@Article{Reference106,
  author={S. Zhang and H. Tong and J. Xu and R. Maciejewski },
  title={{Graph convolutional networks: a comprehensive review}},
  journal={Computational Social Networks},
  year={2019},
  volume={6},
  number={1},
  pages={11},
  doi={10.1186/s40649-019-0069-y},
  url={https://computationalsocialnetworks.springeropen.com/articles/10.1186/s40649-019-0069-y?ref=https://githubhelp.com}
}

@Article{Reference301,
  author={ W. B. Powell },
  title={{A Stochastic Model of the Dynamic Vehicle Allocation Problem}},
  journal={Transportation Science},
  year={1986},
  volume={20},
  number={2},
  pages={117-129},
  doi={10.1287/trsc.20.2.117},
  url={https://pubsonline.informs.org/doi/abs/10.1287/trsc.20.2.117}
}

@inbook{Reference302,
    author = {Jaillet, Patrick and Wagner, Michael},
    year = {2008},
    month = {01},
    pages = {221--237},
    title = {Online Vehicle Routing Problems: A Survey},
    volume = {43},
    isbn = {978-0-387-77777-1},
    journal = {The Vehicle Routing Problem: Latest Advances and New Challenges},
    publisher = {Springer},
    doi = {10.1007/978-0-387-77778-8_10}
}

@inproceedings{hasan2018community,
  author    = {Mohd. Hafiz Hasan and
               Pascal Van Hentenryck and
               Ceren Budak and
               Jiayu Chen and
               Chhavi Chaudhry},
  title     = {Community-Based Trip Sharing for Urban Commuting},
  booktitle = {AAAI'18},
  pages     = {6589--6597},
  year      = {2018},
  url       = {https://www.aaai.org/ocs/index.php/AAAI/AAAI18/paper/view/16915},
  timestamp = {Tue, 08 Mar 2022 21:46:35 +0100},
  biburl    = {https://dblp.org/rec/conf/aaai/HasanHBCC18.bib},
  bibsource = {dblp computer science bibliography, https://dblp.org}
}

@MISC{Reference3010,
  author = {{UN - Department of Economic and Social Affairs}},
  year = {2018},
  url = {https://www.un.org/en/desa/around-25-billion-more-people-will-be-living-cities-2050-projects-new-un-report}
}

@article{Reference3020,
  added-at = {2016-10-17T17:11:45.000+0200},
  author = {Saberi, Meead and Mahmassani, Hani S. and Brockmann, Dirk and Hosseini, Amir},
  biburl = {https://www.bibsonomy.org/bibtex/24f81008fed7b5e8d525e6e7974348eac/mbockholt},
  description = {A complex network perspective for characterizing urban travel demand patterns: graph theoretical analysis of large-scale origin–destination demand networks | SpringerLink},
  doi = {10.1007/s11116-016-9706-6},
  interhash = {783d1091ab4d9c002fb0b3bb584a11a6},
  intrahash = {4f81008fed7b5e8d525e6e7974348eac},
  issn = {1572-9435},
  journal = {Transportation},
  keywords = {datasets human mobility network origin-destination pattern travel urban},
  pages = {1--20},
  timestamp = {2016-10-17T17:11:45.000+0200},
  title = {A complex network perspective for characterizing urban travel demand patterns: graph theoretical analysis of large-scale origin--destination demand networks},
  url = {http://dx.doi.org/10.1007/s11116-016-9706-6},
  year = 2016
}

@article{Reference501,
  author    = {K. Arulkumaran, M. P. Deisenroth, M. Brundage, and A. A. Bharath},
  title     = {Deep Reinforcement Learning: A Brief Survey},
  journal   = {IEEE Signal Processing Magazine},
  volume    = {34},
  number    = {6},
  pages     = {26--38},
  year      = {2017},
  url       = {https://ieeexplore.ieee.org/abstract/document/8103164},
  doi       = {1109/MSP.2017.2743240},
}

@article{Reference502,
  author    = { M. Gevrey, I. Dimopoulos, and S. Lek},
  title     = {Review and comparison of methods to study the contribution of variables in artificial neural network models},
  journal   = {Ecological Modelling},
  volume    = {160},
  number    = {3},
  pages     = {249--264},
  year      = {2003},
  url       = {https://www.sciencedirect.com/science/article/pii/S0304380002002570},
  doi       = {10.1016/S0304-3800(02)00257-0},
}

@MISC{Reference151,
  author = {{EU Green Deal}},
  year = {{2020}},
  note = {\url{https://ireland.representation.ec.europa.eu/strategy-and-priorities/key-eu-policies-ireland/environment-irelands-green-deal_en}},
}

@article{xing2016decentralized,
  title={Decentralized Optimal Scheduling for Charging and Discharging of Plug-In Electric Vehicles in Smart Grids},
  author={Xing, H. and Fu, M. and Lin, Z. and Mou, Y.},
  journal={IEEE Transactions on Power Systems},
  volume={31},
  number={5},
  pages={4118--4127},
  year={2016},
  month={Sep},
  doi={10.1109/TPWRS.2015.2507179}
}

@inproceedings{smartintegration2012,
  title={SMART INTEGRATION OF ELECTRIC VEHICLES IN AN ENERGY COMMUNITY},
  booktitle={Proceedings of the 1st International Conference on Smart Grids and Green IT Systems},
  author={Negeri, E. and Baken, N.},
  year={2012},
  pages={25--32},
  publisher={SciTePress - Science and Technology Publications},
  address={Porto, Portugal},
  doi={10.5220/0003952400250032}
}

@article{vosooghi2020shared,
  title={Shared autonomous electric vehicle service performance: Assessing the impact of charging infrastructure},
  author={Vosooghi, R. and Puchinger, J. and Bischoff, J. and Jankovic, M. and Vouillon, A.},
  journal={Transportation Research Part D: Transport and Environment},
  volume={81},
  pages={102283},
  year={2020},
  month={Apr},
  publisher={Elsevier},
  doi={10.1016/j.trd.2020.102283}
}

@article{dingsong2023bss,
  title={Operation optimization approaches of electric vehicle battery swapping and charging station: A literature review},
  author={ D. Cui et al.},
  journal={Energy},
  volume={263},
  pages={126095},
  year={2023},
  month={Apr},
  doi={ 10.1016/j.energy.2022.126095}
}

@article{sun2019robust,
  title={A robust optimization approach to multi-interval location-inventory and recharging planning for electric vehicles},
  author={ Sun, H. and Yang, J. and Yang, C.},
  journal={Omega},
  volume={86},
  pages={59–-75},
  year={2019},
  month={Jul},
  doi={10.1016/j.omega.2018.06.013}
}

@article{li2018optimise,
  title={Optimal Scheduling of Isolated Microgrid with an Electric Vehicle Battery Swapping Station in Multi-Stakeholder Scenarios: A Bi-Level Programming Approach via Real-Time Pricing},
  author={Li, Y. and Yang, Z. and Li, G. and Mu, Y. and Zhao, D. and Chen, C. and Shen. B.},
  journal={Applied Energy},
  volume={232},
  pages={54-68},
  year={2018},
  month={Dec},
  doi={10.1016/j.apenergy.2018.09.211}
}

@article{liang2021mobility,
  title={Mobility-Aware Charging Scheduling for Shared On-Demand Electric Vehicle Fleet Using Deep Reinforcement Learning},
  author={Liang, Y. and Ding, Z. and Ding, T. and Lee, W.-J.},
  journal={IEEE Transactions on Smart Grid},
  volume={12},
  number={2},
  pages={1380--1393},
  year={2021},
  month={Mar},
  publisher={IEEE},
  doi={10.1109/TSG.2020.3025082}
}

@article{wang2021pricing,
  title={Reinforcement Learning for Real-Time Pricing and Scheduling Control in EV Charging Stations},
  author={Wang, S. and Bi, S. and Zhang, Y.},
  journal={IEEE Transactions on Industrial Informatic},
  volume={17},
  number={2},
  pages={849–-59},
  year={2021},
  month={Feb},
  publisher={TII},
  doi={doi.org/10.1109/TII.2019.2950809}
}

@article{tan2023optimise,
  title={Bi-Level Optimization of Charging Scheduling of a Battery Swap Station Based on Deep Reinforcement Learning},
  author={Tan, M. and Dai, Z. and Su, Y. and Chen, C. and Wang, L. and Jie C.},
  journal={Engineering Applications of Artificial Intelligence},
  volume={118},
  pages={105557},
  year={2023},
  month={Feb},
  publisher={TII},
  doi={doi.org/10.1016/j.engappai.2022.105557}
}

@article{wang2016charging,
  title={Smart Charging for Electric Vehicles: A Survey From the Algorithmic Perspective},
  author={Wang, Q. and Liu, X. and Du, J. and Kong, F.},
  journal={IEEE Communications Surveys & Tutorials},
  volume={18},
  number={2},
  pages={1500-–1517},
  year={2016},
  publisher={COMST},
  doi={doi.org/10.1109/COMST.2016.2518628}
}

@article{lai2020optimal,
  title={Optimal scheduling of electric vehicles car-sharing service with multi-temporal and multi-task operation},
  author={Lai, K. and Chen, T. and Natarajan, B.},
  journal={Energy},
  volume={204},
  pages={117929},
  year={2020},
  month={Aug},
  publisher={Elsevier},
  doi={10.1016/j.energy.2020.117929}
}

@article{ham2021routeoptimise,
  title={Electric Vehicle Route Optimization Under Time-of-Use Electricity Pricing},
  author={Ham, A. and Park, M.},
  journal={IEEE Access},
  volume={9},
  pages={37220–-28},
  year={2021},
  publisher={ACCESS},
  doi={doi.org/10.1109/ACCESS.2021.3063316}
}

@article{wu2022timeofuse,
  title={Online EV Charge Scheduling Based on Time-of-Use Pricing and Peak Load Minimization: Properties and Efficient Algorithms},
  author={Wu, W. and Lin, Y. and Liu, R. and Li, Y. and Zhang, Y. and Ma, C.},
  journal={IEEE Transactions on Intelligent Transportation Systems},
  volume={23},
  number={1},
  pages={572-–86},
  year={2022},
  month={Jan},
  publisher={TITS},
  doi={doi.org/10.1109/TITS.2020.3014088}
}

@article{asghari2021green,
  title={Green vehicle routing problem: A state-of-the-art review},
  author={Asghari, M. and Mirzapour Al-e-hashem, S. M. J.},
  journal={International Journal of Production Economics},
  volume={231},
  pages={107899},
  year={2021},
  month={Jan},
  publisher={Elsevier},
  doi={10.1016/j.ijpe.2020.107899}
}

@article{tan2022fleet,
  title={Fleet Management and Charging Scheduling for Shared Mobility-on-Demand System: A Systematic Review},
  author={Tan, W. and Sun, Y. and Ding, Z. and Lee, W.-J.},
  journal={IEEE Open Access Journal of Power and Energy},
  volume={9},
  pages={425--436},
  year={2022},
  doi={10.1109/OAJPE.2022.3215865}
}

@article{ghandeharioun2023rideshare,
  title={Real-Time Ridesharing Operations for on-Demand Capacitated Systems Considering Dynamic Travel Time Information},
  author={Ghandeharioun, Z. and Kouvelas, Z.},
  journal={Transportation Research Part C: Emerging Technologies},
  volume={151},
  pages={104115},
  year={2023},
  month={June},
  publisher={TRC},
  doi={doi.org/10.1016/j.trc.2023.104115}
}

@article{alisoltani2022spacetime,
  title={Space-Time Clustering-Based Method to Optimize Shareability in Real-Time Ride-Sharing},
  author={Alisoltani, N. and Ameli, M. and Zargayouna, M. and Leclercq, L.},
  journal={PLOS ONE},
  volume={17},
  number={1},
  pages={e0262499},
  year={2022},
  month={Jan},
  publisher={pone},
  doi={doi.org/10.1371/journal.pone.0262499}
}

@article{su2024optimise,
  title={Energy Management for Scalable Battery Swapping Stations: A Deep Reinforcement Learning and Mathematical Optimization Cascade Approach},
  author={Su, Y. and Yue, L. and Qiu, J. and Wang, R. and Tan, M.},
  journal={Applied Energy},
  volume={365},
  pages={123212},
  year={2024},
  month={July},
  publisher={apenergy},
  doi={doi.org/10.1016/j.apenergy.2024.123212}
}

@article{mao2019energymanage,
  title={Intelligent Energy Management Algorithms for EV-Charging Scheduling with Consideration of Multiple EV Charging Modes},
  author={Mao, T. and Zhang, X. and Zhou, B.},
  journal={Energies},
  volume={12},
  number={2},
  pages={265},
  year={2019},
  month={Jan},
  doi={doi.org/10.3390/en12020265}
}

@article{barone2020sec,
  title={How Smart Metering and Smart Charging May Help a Local Energy Community in Collective Self-Consumption in Presence of Electric Vehicles},
  author={Barone, G. and Brusco, G. and Menniti, D. and Pinnarelli, A. and Polizzi, G. and Sorrentino, N. and Vizza, P. and Burgio, A.},
  journal={Energies},
  volume={13},
  number={16},
  pages={4163},
  year={2020},
  month={Jan},
  doi={doi.org/10.3390/en13164163}
}

@inproceedings{boasso2021sec,
  author       = {Boasso, E. and Manganelli, M. and Martirano, L.},
  title        = {Impact of EV Charging on the Electric Load of Smart Buildings and Energy Communities},
  booktitle    = {2021 IEEE Industry Applications Society Annual Meeting},
  pages        = {1–-7},
  publisher    = {{IAS}},
  year         = {2021},
  url          = {https://doi.org/10.1109/IAS48185.2021.9677408},
  doi          = {10.1109/IAS48185.2021.9677408}
}

@article{bakibillah2021incentive,
  title={An Incentive Based Dynamic Ride-Sharing System for Smart Cities},
  author={Bakibillah, A. and Paw, Y. and Kamal, M. and Susilawati, S. and Tan, C.},
  journal={Smart Cities},
  volume={4},
  number={2},
  pages={532-–47},
  year={2021},
  month={June},
  doi={doi.org/10.3390/smartcities4020028}
}

@article{piazza2021smartev,
  title={Optimal Design of Electric Mobility Services for a Local Energy Community},
  author={Piazza, G. and Bracco, S. and Delfino, F. and Siri, S.},
  journal={Sustainable Energy, Grids and Networks},
  volume={26},
  pages={100440},
  year={2021},
  month={June},
  doi={doi.org/10.1016/j.segan.2021.100440}
}

@article{fesciogluunver2023electric,
  title={Electric vehicle charging service operations: A review of machine learning applications for infrastructure planning, control, pricing and routing},
  author={Fescioglu-Unver, N. and Y{\i}ld{\i}z Akta{\c{s}}, M.},
  journal={Renewable and Sustainable Energy Reviews},
  volume={188},
  pages={113873},
  year={2023},
  month={Dec},
  publisher={Elsevier},
  doi={10.1016/j.rser.2023.113873}
}

@article{amaraouali2021review,
  title={A Review of Electric Vehicle Load Open Data and Models},
  author={Amara-Ouali, Y. and Goude, Y. and Massart, P. and Poggi, J.-M. and Yan, H.},
  journal={Energies},
  volume={14},
  number={8},
  article={8},
  year={2021},
  month={Jan},
  doi={10.3390/en14082233}
}

@MISC{protectionagency,
  author = {{Environmental Protection Agency}},
  note = {\url{https://www.epa.ie/our-services/monitoring--assessment/climate-change/ghg/transport/}}
}

@MISC{smartgreenscode,
  author = {Avinash Nagarajan.},
  year = {2023},
  note = {\url{https://github.com/Nasheor/reactive_rideshare.git}}
}

@MISC{rewardcharging,
  author = {A Nagarajan},
  year = {2024},
  note = {\url{https://github.com/Nasheor/EcoRideScheduler}}
}

@MISC{chapter4code,
  author = {A Nagarajan},
  year = {2024},
  note = {\url{https://github.com/Nasheor/Fleet_allocation}}
}

@article{hafiz2020flexible,
  author    = {Mohd. Hafiz Hasan and
               Pascal Van Hentenryck},
  title     = {The flexible and real-time commute trip sharing problems},
  journal   = {Constraints An Int. J.},
  volume    = {25},
  number    = {3-4},
  pages     = {160--179},
  year      = {2020},
  url       = {https://doi.org/10.1007/s10601-020-09310-5},
  doi       = {10.1007/s10601-020-09310-5},
  timestamp = {Thu, 31 Dec 2020 01:35:38 +0100},
  biburl    = {https://dblp.org/rec/journals/constraints/HasanH20.bib},
  bibsource = {dblp computer science bibliography, https://dblp.org}
}

@INPROCEEDINGS{thiago19lastmile,
	author = "Thiago Serra and
               Arvind U. Raghunathan and
               David Bergman and
               John N. Hooker and
               Shingo Kobori",
	title = "Last-Mile Scheduling Under Uncertainty",
	booktitle = "CPAIOR'19",
	publisher = "LNCS 11494, Springer",
	year = 2019
}

@article{schneider2014electric,
  title={The electric vehicle-routing problem with time windows and recharging stations},
  author={Schneider, Michael and Stenger, Andreas and Goeke, Dominik},
  journal={Transportation Science},
  volume={48},
  number={4},
  pages={500--520},
  year={2014},
  publisher={INFORMS},
  doi={10.1287/trsc.2013.0490},
  url={https://doi.org/10.1287/trsc.2013.0490}
}

@article{lin2014survey,
  title={Survey of green vehicle routing problem: past and future trends},
  author={Lin, Canhong and Choy, K. L. and Ho, G. T. S. and Chung, S. H. and Lam, H. Y.},
  journal={Expert Systems with Applications},
  volume={41},
  number={4, Part 1},
  pages={1118--1138},
  year={2014},
  month={March},
  publisher={Elsevier},
  doi={10.1016/j.eswa.2013.07.107},
  url={https://doi.org/10.1016/j.eswa.2013.07.107}
}

@inproceedings{salimifard2012green,
  title={Green transportation and the role of operation research},
  author={Salimifard, Khodakaram and Shahbandarzadeh, Hamid and Raeesi, Ramin},
  booktitle={International Conference on Traffic and Transportation Engineering (ICTTE 2012)},
  volume={26},
  pages={72--76},
  year={2012},
  organization={IACSIT Press}
}

@article{dastpak2021off,
  title={Off-line approximate dynamic programming for the vehicle routing problem with stochastic customers and demands via decentralized decision-making},
  author={Dastpak, Mohsen and Errico, Fausto},
  journal={arXiv preprint arXiv:2109.10200},
  year={2021},
  url={http://arxiv.org/abs/2109.10200}
}

@article{oliveira2018genetic,
  title={A genetic algorithm for a green vehicle routing problem},
  author={Oliveira da Costa, Paulo Roberto de and Mauceri, Stefano and Carroll, Paula and Pallonetto, Fabiano},
  journal={Electronic Notes in Discrete Mathematics},
  volume={64},
  pages={65--74},
  year={2018},
  month={February},
  publisher={Elsevier},
  doi={10.1016/j.endm.2018.01.008},
  url={https://doi.org/10.1016/j.endm.2018.01.008}
}

@article{vanSummeren2019community,
  title={Community energy meets smart grids: Reviewing goals, structure, and roles in virtual power plants in Ireland, Belgium and the Netherlands},
  author={van Summeren, Luc F. M. and Wieczorek, Anna J. and Bombaerts, Gunter J. T. and Verbong, Geert P. J.},
  journal={Energy Research \& Social Science},
  year={2019},
  url={https://doi.org/10.1016/j.erss.2019.101415},
  note={Accessed 3 January 2023}
}

@article{hasan2020benefits,
  title={The benefits of autonomous vehicles for community-based trip sharing},
  author={Hasan, Mohd. Hafiz and Van Hentenryck, Pascal},
  journal={Elsevier Enhanced Reader},
  year={2020},
  url={https://doi.org/10.1016/j.trc.2020.102929},
  note={Accessed: 4 August 2021}
}

@article{hasan2020commute,
  title={The Commute Trip-Sharing Problem},
  author={Hasan, Mohd Hafiz and Van Hentenryck, Pascal and Legrain, Antoine},
  journal={Transportation Science},
  year={2020},
  url={https://pubsonline.informs.org/doi/abs/10.1287/trsc.2019.0969},
}

@article{ho2018survey,
  title={A survey of Dial-a-Ride problems: Literature review and recent developments},
  author={Ho, Sin C. and Szeto, W. Y. and Kuo, Yong-Hong and Leung, Janny M. Y. and Petering, Matthew and Tou, Terence W. H.},
  journal={Transportation Research Part B: Methodological},
  volume={111},
  pages={395--421},
  year={2018},
  month={May},
  doi={10.1016/j.trb.2018.02.001},
  url={https://doi.org/10.1016/j.trb.2018.02.001}
}

@misc{didi2024global,
  title={DiDi Global - The World’s Leader in Mobility Technology},
  year={2024},
  url={https://web.didiglobal.com/},
  note={Accessed: 18 September 2024}
}

@article{xie2020optimal,
  title={Optimal service pricing and charging scheduling of an electric vehicle sharing system},
  author={Xie, Rui and Wei, Wei and Wu, Qiuwei and Ding, Tao and Mei, Shengwei},
  journal={IEEE Transactions on Vehicular Technology},
  volume={69},
  number={1},
  pages={78--89},
  year={2020},
  month={January},
  doi={10.1109/TVT.2019.2950402},
  url={https://doi.org/10.1109/TVT.2019.2950402}
}

@article{lu2021optimal,
  title={Optimal fleet deployment for electric vehicle sharing systems with the consideration of demand uncertainty},
  author={Lu, Chung-Cheng and Yan, Shangyao and Li, Hui-Chieh and Diabat, Ali and Wang, Hsiao-Tung},
  journal={Computers \& Operations Research},
  volume={135},
  pages={105437},
  year={2021},
  month={November},
  doi={10.1016/j.cor.2021.105437},
  url={https://doi.org/10.1016/j.cor.2021.105437}
}

@article{wang2021incentive,
  title={Incentive-based decentralized routing for connected and autonomous vehicles using information propagation},
  author={Wang, Chaojie and Peeta, Srinivas and Wang, Jian},
  journal={arXiv preprint arXiv:2102.00882},
  year={2021},
  url={http://arxiv.org/abs/2102.00882}
}

@article{gradisar2000enhancing,
  title={Enhancing urban mobility: Integrating ride-sharing and public transit},
  author={Gradisar, Mirko},
  journal={SSRN Electronic Journal},
  year={2000},
  url={https://www.academia.edu/60073206/Enhancing_Urban_Mobility_Integrating_Ride_Sharing_and_Public_Transit}
}

@inproceedings{wallar2019optimizing,
  title={Optimizing vehicle distributions and fleet sizes for shared mobility-on-demand},
  author={Wallar, Alex},
  booktitle={2019 International Conference on Robotics and Automation (ICRA)},
  year={2019},
  url={https://www.academia.edu/99731736/Optimizing_Vehicle_Distributions_and_Fleet_Sizes_for_Shared_Mobility_on_Demand}
}

@misc{baudru2024comparative,
  title={The comparative analysis of car-pooling algorithms for ride-sharing systems},
  author={Baudru, Julien},
  year={2024},
  url={https://www.academia.edu/122097184/The_Comparative_Analysis_of_Car_Pooling_Algorithms_for_Ride_Sharing_Systems}
}


@article{kahlen2018electric,
  title={Electric vehicle virtual power plant dilemma: Grid balancing versus customer mobility},
  author={Kahlen, Micha T. and Ketter, Wolfgang and van Dalen, Jan},
  journal={Production and Operations Management},
  volume={27},
  number={11},
  pages={2054--2070},
  year={2018},
  doi={10.1111/poms.12876},
  url={https://doi.org/10.1111/poms.12876}
}

@article{luo2018optimal,
  title={Optimal planning of electric vehicle charging stations comprising multi-types of charging facilities},
  author={Luo, Lizi and Gu, Wei and Zhou, Suyang and Huang, He and Gao, Song and Han, Jun and Wu, Zhi and Dou, Xiaobo},
  journal={Applied Energy},
  volume={226},
  pages={1087--1099},
  year={2018},
  month={September},
  doi={10.1016/j.apenergy.2018.06.014},
  url={https://doi.org/10.1016/j.apenergy.2018.06.014}
}

@misc{montecarlo2024wikipedia,
  title={Monte Carlo method - Wikipedia},
  year={2024},
  author={Wiki},
  url={https://en.wikipedia.org/wiki/Monte_Carlo_method},
  note={Accessed: 23 September 2024}
}

@article{alfaseeh2020multi,
  title={Multi-factor taxonomy of eco-routing models and future outlook},
  author={Alfaseeh, Lama and Farooq, Bilal},
  journal={Journal of Sensors},
  volume={2020},
  pages={1--10},
  year={2020},
  doi={10.1155/2020/4362493},
  url={https://doi.org/10.1155/2020/4362493}
}

@inproceedings{alfaseeh2019multi,
  title={Multi-objective eco-routing in a distributed routing framework},
  author={Alfaseeh, Lama and Djavadian, Shadi and Tu, Ran and Farooq, Bilal and Hatzopoulou, Marianne},
  booktitle={2019 IEEE International Smart Cities Conference (ISC2)},
  pages={747--752},
  year={2019},
  doi={10.1109/ISC246665.2019.9071744},
  url={https://doi.org/10.1109/ISC246665.2019.9071744}
}

@article{djavadian2020multi,
  title={Multi-objective eco-routing for dynamic control of connected \& automated vehicles},
  author={Djavadian, Shadi and Tu, Ran and Farooq, Bilal and Hatzopoulou, Marianne},
  journal={Transportation Research Part C: Emerging Technologies},
  volume={111},
  pages={588--615},
  year={2020},
  month={February},
  doi={10.1016/j.trc.2020.01.002},
  url={https://doi.org/10.1016/j.trc.2020.01.002}
}

@article{nour2020review,
  title={Review of positive and negative impacts of electric vehicles charging on electric power systems},
  author={Nour, Morsy and Chaves-{\'A}vila, Jos{\'e} Pablo and Magdy, Gaber and S{\'a}nchez-Miralles, {\'A}lvaro},
  journal={Energies},
  volume={13},
  number={18},
  pages={4675},
  year={2020},
  doi={10.3390/en13184675},
  url={https://doi.org/10.3390/en13184675}
}

@article{hildermeier2019smart,
  title={Smart EV charging: A global review of promising practices},
  author={Hildermeier, Julia and Kolokathis, Christos and Rosenow, Jan and Hogan, Michael and Wiese, Catharina and Jahn, Andreas},
  journal={World Electric Vehicle Journal},
  volume={10},
  number={4},
  pages={80},
  year={2019},
  month={December},
  doi={10.3390/wevj10040080},
  url={https://doi.org/10.3390/wevj10040080}
}

@article{shariff2022state,
  title={A state-of-the-art review on the impact of fast EV charging on the utility sector},
  author={Shariff, Samir M. and Alam, Mohammad Saad and Hameed, Salman and Khalid, Mohd Rizwan and Ahmad, Aqueel and Al-Ammar, Essam A. and Alsaidan, Ibrahim and Alrajhi, Hasan},
  journal={Energy Storage},
  volume={4},
  number={4},
  pages={e300},
  year={2022},
  doi={10.1002/est2.300},
  url={https://doi.org/10.1002/est2.300}
}

@article{chan2012ridesharing,
  title={Ridesharing in North America: Past, present, and future},
  author={Chan, Nelson D. and Shaheen, Susan A.},
  journal={Transport Reviews},
  volume={32},
  number={1},
  pages={93--112},
  year={2012},
  month={January},
  doi={10.1080/01441647.2011.621557},
  url={https://doi.org/10.1080/01441647.2011.621557}
}

@misc{europeancommission2024promoting,
  title={Promoting innovative cleantech: 72 applications for the Innovation Fund’s 3rd small-scale call},
  author={{European Commission}},
  year={2024},
  url={https://climate.ec.europa.eu/news-your-voice/news/promoting-innovative-cleantech-72-applications-innovation-funds-3rd-small-scale-call-2023-09-29_en},
  note={Accessed: 28 September 2024}
}

@inproceedings{fiedler2018impact,
  title={The impact of ridesharing in mobility-on-demand systems: Simulation case study in Prague},
  author={Fiedler, David and Čertický, Michal and Alonso-Mora, Javier and Čáp, Michal},
  booktitle={2018 21st International Conference on Intelligent Transportation Systems (ITSC)},
  pages={1173--1178},
  year={2018},
  doi={10.1109/ITSC.2018.8569451},
  url={https://doi.org/10.1109/ITSC.2018.8569451}
}

@article{hemavathi2022study,
  title={A study on trends and developments in electric vehicle charging technologies},
  author={Hemavathi, S. and Shinisha, A.},
  journal={Journal of Energy Storage},
  volume={52},
  pages={105013},
  year={2022},
  month={August},
  doi={10.1016/j.est.2022.105013},
  url={https://doi.org/10.1016/j.est.2022.105013}
}

@misc{mtu2024parkride,
  title={MTU has launched a new, free-of-charge, park and ride service for the Bishopstown campus},
  author={{Munster Technological University - MTU}},
  year={2024},
  url={https://www.mtu.ie/news/mtu-bishopstown-campus-park-and-ride-2024/},
  note={Accessed: 29 September 2024}
}

@inproceedings{pan2023review,
  title={A review of the evolutionary algorithm based VRP problem},
  author={Pan, Lili and Hu, Bing and Sun, Zhe and Xu, Lei and Gong, Guangfu and Xie, Xiangpeng and Sun, Zhixin},
  booktitle={2023 42nd Chinese Control Conference (CCC)},
  pages={1939--1944},
  year={2023},
  doi={10.23919/CCC58697.2023.10241179},
  url={https://doi.org/10.23919/CCC58697.2023.10241179}
}

@article{maroof2023vehicle,
  title={Vehicle routing optimization for humanitarian supply chain: A systematic review of approaches and solutions},
  author={Maroof, Ayesha and Khalid, Qazi Salman and Mahmood, Mahawish and Naeem, Khawar and Maqsood, Shahid and Khattak, Sikandar Bilal and Ayvaz, Berk},
  journal={IEEE Access},
  volume={11},
  pages={127157--127175},
  year={2023},
  doi={10.1109/ACCESS.2023.3331062},
  url={https://doi.org/10.1109/ACCESS.2023.3331062}
}

@inproceedings{belmabrouk2023classification,
  title={Classification framework for vehicle routing problems},
  author={Belmabrouk, Amal and Lahmar, Arij and Chouikhi, Houssam and Bentaher, Hatem},
  booktitle={2023 IEEE Conference on Technologies for Sustainability (SusTech)},
  pages={161--167},
  year={2023},
  doi={10.1109/SusTech57309.2023.10129561},
  url={https://doi.org/10.1109/SusTech57309.2023.10129561}
}

@inproceedings{meng2021dynamic,
  title={A dynamic VRP with varying transportation costs and its solution strategy},
  author={Meng, Xianghu and Li, Ziwen and Tang, Jing},
  booktitle={2021 IEEE International Conference on Networking, Sensing and Control (ICNSC)},
  pages={1--6},
  year={2021},
  doi={10.1109/ICNSC52481.2021.9702224},
  url={https://doi.org/10.1109/ICNSC52481.2021.9702224}
}

@misc{dynamic2024model,
  title={Dynamic model and scheduling system for a real-time pickup and delivery problem with time windows},
  journal={IEEE Conference Publication},
  year={2024},
  url={https://ieeexplore-ieee-org.mtu.idm.oclc.org/document/5262612},
  note={Accessed: 1 October 2024}
}

@article{abdulaal2017solving,
  title={Solving the multivariant EV routing problem incorporating V2G and G2V options},
  author={Abdulaal, Ahmed and Cintuglu, Mehmet H. and Asfour, Shihab and Mohammed, Osama A.},
  journal={IEEE Transactions on Transportation Electrification},
  volume={3},
  number={1},
  pages={238--248},
  year={2017},
  month={March},
  doi={10.1109/TTE.2016.2614385},
  url={https://doi.org/10.1109/TTE.2016.2614385}
}

@inproceedings{kedia2017review,
  title={Review of vehicle route optimisation},
  author={Kedia, Raja Kumar and Naick, B Krishna},
  booktitle={2017 2nd IEEE International Conference on Intelligent Transportation Engineering (ICITE)},
  pages={57--61},
  year={2017},
  doi={10.1109/ICITE.2017.8056881},
  url={https://doi.org/10.1109/ICITE.2017.8056881}
}

@inproceedings{zuo2017using,
  title={Using AMPL/CPLEX to model and solve the electric vehicle routing problem (EVRP) with heterogeneous mixed fleet},
  author={Zuo, Xiaorong and Zhu, Chuan and Huang, Changhao and Xiao, Yiyong},
  booktitle={2017 29th Chinese Control And Decision Conference (CCDC)},
  pages={4666--4670},
  year={2017},
  doi={10.1109/CCDC.2017.7979321},
  url={https://doi.org/10.1109/CCDC.2017.7979321}
}

@inproceedings{ren2023solving,
  title={Solving the VRP using transformer-based deep reinforcement learning},
  author={Ren, Xue-Lian and Chen, Ai-Xiang},
  booktitle={2023 International Conference on Machine Learning and Cybernetics (ICMLC)},
  pages={365--369},
  year={2023},
  doi={10.1109/ICMLC58545.2023.10327956},
  url={https://doi.org/10.1109/ICMLC58545.2023.10327956}
}

@inproceedings{alduoli2018hybridizing,
  title={Hybridizing Meta-RaPS with machine learning algorithms},
  author={Al-Duoli, Fatemah and Rabadi, Ghaith and Seck, Mamadou and Handley, Holly A.},
  booktitle={2018 IEEE Technology and Engineering Management Conference (TEMSCON)},
  pages={1--6},
  year={2018},
  doi={10.1109/TEMSCON.2018.8488390},
  url={https://doi.org/10.1109/TEMSCON.2018.8488390}
}

@inproceedings{kucharski2017realtime,
  title={Real-time traffic forecasting with recent DTA methods},
  author={Kucharski, Rafał and Kostic, Bojan and Gentile, Guido},
  booktitle={2017 5th IEEE International Conference on Models and Technologies for Intelligent Transportation Systems (MT-ITS)},
  pages={474--479},
  year={2017},
  doi={10.1109/MTITS.2017.8005719},
  url={https://doi.org/10.1109/MTITS.2017.8005719}
}

@article{liao2024towards,
  title={Towards scalable dynamic traffic assignment with streaming agents: A decentralized control approach using genetic programming},
  author={Liao, Xiao-Cheng and Chen, Wei-Neng and Jia, Ya-Hui and Qiu, Wen-Jin},
  journal={IEEE Transactions on Emerging Topics in Computational Intelligence},
  volume={8},
  number={1},
  pages={942--955},
  year={2024},
  month={February},
  doi={10.1109/TETCI.2023.3296671}
}

@article{moschella2021decentralized,
  title={Decentralized assignment of electric vehicles at charging stations based on personalized cost functions and distributed ledger technologies},
  author={Moschella, Michela and Ferraro, Pietro and Crisostomi, Emanuele and Shorten, Robert},
  journal={IEEE Internet of Things Journal},
  volume={8},
  number={14},
  pages={11112--11122},
  year={2021},
  month={July},
  doi={10.1109/JIOT.2021.3052045},
  url={https://doi.org/10.1109/JIOT.2021.3052045}
}

@article{naeem2024energy,
  title={Energy economization using connectivity-based eco-routing and driving for fleet of battery electric vehicles},
  author={Naeem, Hafiz Muhammad Yasir and Bhatti, Aamer Iqbal and Butt, Yasir Awais and Ahmed, Qadeer},
  journal={IEEE Transactions on Transportation Electrification},
  volume={10},
  number={1},
  pages={1923--1934},
  year={2024},
  month={March},
  doi={10.1109/TTE.2023.3282240}
}

@inproceedings{houerbi2023blockchain,
  title={Blockchain for ridesharing: A systematic literature review},
  author={Houerbi, Khadija Rammeh and Machfar, Dorra and Kaffel-Ben Ayed, Hella},
  booktitle={2023 International Conference on Smart Applications, Communications and Networking (SmartNets)},
  pages={1--6},
  year={2023},
  doi={10.1109/SmartNets58706.2023.10215951},
  url={https://doi.org/10.1109/SmartNets58706.2023.10215951}
}

@inproceedings{joseph2021blockwheels,
  title={BlockWheels - A peer to peer ridesharing network},
  author={Joseph, Richard and Sah, Rishabh and Date, Atharva and Rane, Pratik and Chugh, Amay},
  booktitle={2021 5th International Conference on Intelligent Computing and Control Systems (ICICCS)},
  pages={166--171},
  year={2021},
  doi={10.1109/ICICCS51141.2021.9432188},
  url={https://doi.org/10.1109/ICICCS51141.2021.9432188}
}

@inproceedings{herbawi2012modeling,
  title={Modeling the multihop ridematching problem with time windows and solving it using genetic algorithms},
  author={Herbawi, Wesam and Weber, Michael},
  booktitle={2012 IEEE 24th International Conference on Tools with Artificial Intelligence},
  volume={1},
  pages={89--96},
  year={2012},
  doi={10.1109/ICTAI.2012.21},
  url={https://doi.org/10.1109/ICTAI.2012.21}
}

@inproceedings{zhong2024wait,
  title={Wait to be faster: A smart pooling framework for dynamic ridesharing},
  author={Zhong, Xiaoyao and Jin, Jiabao and Cheng, Peng and Ni, Wangze and Zheng, Libin and Chen, Lei and Lin, Xuemin},
  booktitle={2024 IEEE 40th International Conference on Data Engineering (ICDE)},
  pages={355--367},
  year={2024},
  doi={10.1109/ICDE60146.2024.00034},
  url={https://doi.org/10.1109/ICDE60146.2024.00034}
}

@misc{nphardness2024wikipedia,
  title={NP-hardness},
  journal={Wikipedia},
  year={2024},
  url={https://en.wikipedia.org/w/index.php?title=NP-hardness&oldid=1236371945},
  note={Accessed: 24 July 2024}
}

@inproceedings{mamalis2019ridesharing,
  title={Ridesharing systems with electric vehicles},
  author={Mamalis, Theodoros and Bose, Subhonmesh and Varshney, Lav R.},
  booktitle={2019 American Control Conference (ACC)},
  pages={3329--3334},
  year={2019},
  doi={10.23919/ACC.2019.8815109},
  url={https://doi.org/10.23919/ACC.2019.8815109}
}

@inproceedings{chen2020real,
  title={Real-time transfers for improving efficiency of ridesharing services in the environment with connected and self-driving vehicles},
  author={Chen, Yen-Long and Ssu, Kuo-Feng and Chang, Yu-Jung},
  booktitle={2020 International Computer Symposium (ICS)},
  pages={165--170},
  year={2020},
  doi={10.1109/ICS51289.2020.00041},
  url={https://doi.org/10.1109/ICS51289.2020.00041}
}

@inproceedings{spoorthi2022review,
  title={Review on battery management system in EV},
  author={Spoorthi, B and Pradeepa, P},
  booktitle={2022 International Conference on Intelligent Controller and Computing for Smart Power (ICICCSP)},
  pages={1--4},
  year={2022},
  doi={10.1109/ICICCSP53532.2022.9862367},
  url={https://doi.org/10.1109/ICICCSP53532.2022.9862367}
}

@inproceedings{heider2022generic,
  title={A generic EV charging model extracted from real charging behaviour},
  author={Heider, Felix and Jahic, Amra and Plenz, Maik and Tr{\"o}ger, Konstantin and Schulz, Detlef},
  booktitle={2022 IEEE IAS Global Conference on Emerging Technologies (GlobConET)},
  pages={393--398},
  year={2022},
  doi={10.1109/GlobConET53749.2022.9872505},
  url={https://doi.org/10.1109/GlobConET53749.2022.9872505}
}

@inproceedings{afshar2020literature,
  title={A literature review on mobile charging station technology for electric vehicles},
  author={Afshar, Shahab and Macedo, Pablo and Mohamed, Farog and Disfani, Vahid},
  booktitle={2020 IEEE Transportation Electrification Conference \& Expo (ITEC)},
  pages={1184--1190},
  year={2020},
  doi={10.1109/ITEC48692.2020.9161499},
  url={https://doi.org/10.1109/ITEC48692.2020.9161499}
}

@article{zeng2020exploring,
  title={Exploring the ridesharing efficiency of taxi services},
  author={Zeng, Weiliang and Han, Yu and Sun, Weijun and Xie, Shengli},
  journal={IEEE Access},
  volume={8},
  pages={160396--160406},
  year={2020},
  doi={10.1109/ACCESS.2020.3020861},
  url={https://doi.org/10.1109/ACCESS.2020.3020861}
}

@inproceedings{song2023electric,
  title={Electric vehicle charging management in smart energy communities to increase renewable energy hosting capacity},
  author={Song, Hyunwoo and Lee, Yeongsang and Seo, Gab-Su and Won, Dongjun},
  booktitle={2023 11th International Conference on Power Electronics and ECCE Asia (ICPE 2023 - ECCE Asia)},
  pages={453--458},
  year={2023},
  doi={10.23919/ICPE2023-ECCEAsia54778.2023.10213800},
  url={https://doi.org/10.23919/ICPE2023-ECCEAsia54778.2023.10213800}
}

@inproceedings{satoya2014community,
  title={Community energy management with electric vehicles for effective use of solar energy},
  author={Satoya, D. and Yamashita, D. and Yokoyama, R.},
  booktitle={2014 4th International Conference on Artificial Intelligence with Applications in Engineering and Technology},
  pages={241--246},
  year={2014},
  doi={10.1109/ICAIET.2014.47},
  url={https://doi.org/10.1109/ICAIET.2014.47}
}

@inproceedings{dapuzzo2022smart,
  title={Smart urban mobility management project: A concrete step towards more sustainable and connected communities},
  author={D'Apuzzo, Mauro and Cappelli, Giuseppe and Buzzi, Stefano and Nicolosi, Vittorio},
  booktitle={2022 Second International Conference on Sustainable Mobility Applications, Renewables and Technology (SMART)},
  pages={1--8},
  year={2022},
  doi={10.1109/SMART55236.2022.9990394},
  url={https://doi.org/10.1109/SMART55236.2022.9990394}
}

@inproceedings{faria2017smart,
  title={Smart mobility: A survey},
  author={Faria, Ricardo and Brito, Lina and Baras, Karolina and Silva, Jos{\'e}},
  booktitle={2017 International Conference on Internet of Things for the Global Community (IoTGC)},
  pages={1--8},
  year={2017},
  doi={10.1109/IoTGC.2017.8008972},
  url={https://doi.org/10.1109/IoTGC.2017.8008972}
}

@inproceedings{he2023robust,
  title={A robust and constrained multi-agent reinforcement learning electric vehicle rebalancing method in AMoD systems},
  author={He, Sihong and Wang, Yue and Han, Shuo and Zou, Shaofeng and Miao, Fei},
  booktitle={2023 IEEE/RSJ International Conference on Intelligent Robots and Systems (IROS)},
  pages={5637--5644},
  year={2023},
  doi={10.1109/IROS55552.2023.10342342},
  url={https://doi.org/10.1109/IROS55552.2023.10342342}
}

@article{zhu2024hierarchical,
  title={Hierarchical control for vehicle repositioning in autonomous mobility-on-demand systems},
  author={Zhu, Pengbo and Ferrari-Trecate, Giancarlo and Geroliminis, Nikolas},
  journal={IEEE Transactions on Control Systems Technology},
  pages={1--14},
  year={2024},
  doi={10.1109/TCST.2024.3448300},
  url={https://doi.org/10.1109/TCST.2024.3448300}
}

@inproceedings{wollenstein2020congestion,
  title={Congestion-aware routing and rebalancing of autonomous mobility-on-demand systems in mixed traffic},
  author={Wollenstein-Betech, Salomón and Houshmand, Arian and Salazar, Mauro and Pavone, Marco and Cassandras, Christos G. and Paschalidis, Ioannis Ch.},
  booktitle={2020 IEEE 23rd International Conference on Intelligent Transportation Systems (ITSC)},
  pages={1--7},
  year={2020},
  doi={10.1109/ITSC45102.2020.9294258},
  url={https://doi.org/10.1109/ITSC45102.2020.9294258}
}

@misc{markovmodel2024wikipedia,
  title={Markov model},
  journal={Wikipedia},
  year={2024},
  url={https://en.wikipedia.org/w/index.php?title=Markov_model&oldid=1235226510},
  note={Accessed: 18 July 2024}
}

@misc{fuzzylogic2024wikipedia,
  title={Fuzzy logic},
  journal={Wikipedia},
  year={2024},
  url={https://en.wikipedia.org/w/index.php?title=Fuzzy_logic&oldid=1247063699},
  note={Accessed: 22 September 2024}
}

@misc{deepRL2024wikipedia,
  title={Deep reinforcement learning},
  journal={Wikipedia},
  year={2024},
  url={https://en.wikipedia.org/w/index.php?title=Deep_reinforcement_learning&oldid=1231473095},
  note={Accessed: 28 June 2024}
}

@inproceedings{turan2019smart,
  title={Smart charging benefits in autonomous mobility on demand systems},
  author={Turan, Berkay and Tucker, Nathaniel and Alizadeh, Mahnoosh},
  booktitle={2019 IEEE Intelligent Transportation Systems Conference (ITSC)},
  pages={461--466},
  year={2019},
  doi={10.1109/ITSC.2019.8917278},
  url={https://doi.org/10.1109/ITSC.2019.8917278}
}

@inproceedings{gammelli2021graph,
  title={Graph neural network reinforcement learning for autonomous mobility-on-demand systems},
  author={Gammelli, Daniele and Yang, Kaidi and Harrison, James and Rodrigues, Filipe and Pereira, Francisco C. and Pavone, Marco},
  booktitle={2021 60th IEEE Conference on Decision and Control (CDC)},
  pages={2996--3003},
  year={2021},
  doi={10.1109/CDC45484.2021.9683135},
  url={https://doi.org/10.1109/CDC45484.2021.9683135}
}

@inproceedings{paparella2024congestion,
  title={Congestion-aware ride-pooling in mixed traffic for autonomous mobility-on-demand systems},
  author={Paparella, Fabio and Pedroso, Leonardo and Hofman, Theo and Salazar, Mauro},
  booktitle={2024 European Control Conference (ECC)},
  pages={992--999},
  year={2024},
  doi={10.23919/ECC64448.2024.10591041},
  url={https://doi.org/10.23919/ECC64448.2024.10591041}
}

@inproceedings{singhal2024realtime,
  title={Real-time control of electric autonomous mobility-on-demand systems via graph reinforcement learning},
  author={Singhal, Aaryan and Gammelli, Daniele and Luke, Justin and Gopalakrishnan, Karthik and Helmreich, Dominik and Pavone, Marco},
  booktitle={2024 European Control Conference (ECC)},
  pages={1407--1414},
  year={2024},
  doi={10.23919/ECC64448.2024.10591098},
  url={https://doi.org/10.23919/ECC64448.2024.10591098}
}

@article{ding2021integrated,
  title={Integrated operation model for autonomous mobility-on-demand fleet and battery swapping station},
  author={Ding, Zhaohao and Tan, Wenrui and Lee, Wei-Jen and Pan, Xuyang and Gao, Shiqiao},
  journal={IEEE Transactions on Industry Applications},
  volume={57},
  number={6},
  pages={5593--5602},
  year={2021},
  month={November},
  doi={10.1109/TIA.2021.3110938},
  url={https://doi.org/10.1109/TIA.2021.3110938}
}

@misc{hajari2021distributed,
  title={A distributed approach for robust, scalable, and flexible dynamic ridesharing},
  author={Hajari, Hadi},
  year={2021},
  url={https://www.academia.edu/109836230/A_distributed_approach_for_robust_scalable_and_flexible_dynamic_ridesharing},
  note={Accessed: 8 September 2021}
}

@inproceedings{zhao2021research,
  title={Research on prize-collecting vehicle routing problem considering dynamic pickup demands},
  author={Zhao, Xiong and Li, Lin and Chen, Ying},
  booktitle={2021 33rd Chinese Control and Decision Conference (CCDC)},
  pages={2452--2456},
  year={2021},
  doi={10.1109/CCDC52312.2021.9601403},
  url={https://doi.org/10.1109/CCDC52312.2021.9601403}
}

@article{Pillac2013DVRPSurvey,
  title={A Review of Dynamic Vehicle Routing Problems},
  author={Pillac, Vincent and Gendreau, Michel and Guéret, Christelle and Medaglia, Andrés L.},
  journal={European Journal of Operational Research},
  volume={225},
  number={1},
  pages={1-11},
  year={2013},
  publisher={Elsevier}
}

@inproceedings{guttman1984rtrees,
  title={R-trees: A dynamic index structure for spatial searching},
  author={Guttman, A.},
  booktitle={Proceedings of the 1984 ACM SIGMOD International Conference on Management of Data - SIGMOD '84},
  pages={47--57},
  year={1984},
  doi={10.1145/602259.602266},
  url={https://doi.org/10.1145/602259.602266}
}

@inproceedings{bentley1990kdtrees,
  title={K-d trees for semidynamic point sets},
  author={Bentley, Jon Louis},
  booktitle={Proceedings of the 6th Annual Symposium on Computational Geometry},
  pages={187--197},
  year={1990}
}

@article{bentley1974quadtrees,
  title={Quad trees: A data structure for retrieval on composite keys},
  author={Bentley, J. L. and Finkel, R. A.},
  journal={Acta Informatica},
  volume={4},
  number={1},
  pages={1--9},
  year={1974},
  doi={10.1007/BF00288933}
}

@inproceedings{sellis1987rplustree,
  title={The R+-Tree: A dynamic index for multi-dimensional objects},
  author={Sellis, T. K. and Roussopoulos, N. and Faloutsos, C.},
  booktitle={Proceedings of the 13th International Conference on Very Large Data Bases (VLDB)},
  pages={507--518},
  year={1987}
}

@inproceedings{kriegel1990rtree,
  title={The R-tree: An efficient and robust access method for points and rectangles},
  author={Kriegel, H. P. and Seeger, B. and Schneider, R. and Beckmann, N.},
  booktitle={GIS for the 1990s. Proceedings of the National Conference, Ottawa},
  pages={448--455},
  year={1990}
}

@inproceedings{xia2003qrtree,
  title={Q+Rtree: Efficient indexing for moving object databases},
  author={Xia, Yuni and Prabhakar, S.},
  booktitle={Eighth International Conference on Database Systems for Advanced Applications, 2003. (DASFAA 2003)},
  pages={175--182},
  year={2003},
  doi={10.1109/DASFAA.2003.1192381},
  url={https://doi.org/10.1109/DASFAA.2003.1192381}
}

@inproceedings{lee2003supporting,
  title={Supporting frequent updates in R-Trees: A bottom-up approach},
  author={Lee, M. L. and Hsu, W. and Jensen, C. S. and Cui, B. and Teo, K. L.},
  booktitle={Proceedings 2003 VLDB Conference},
  pages={608--619},
  year={2003},
  doi={10.1016/b978-012722442-8/50060-4},
  url={https://doi.org/10.1016/b978-012722442-8/50060-4}
}

@inproceedings{gao2017efficient,
  title={An efficient dynamic ridesharing algorithm},
  author={Gao, J. and Wang, Y. and Tang, H. and Yin, Z. and Ni, L. and Shen, Y.},
  booktitle={2017 IEEE International Conference on Computer and Information Technology (CIT)},
  pages={320--325},
  year={2017},
  doi={10.1109/CIT.2017.33},
  url={https://doi.org/10.1109/CIT.2017.33}
}

@article{shen2016dynamic,
  title={Dynamic ridesharing},
  author={Shen, B. and Huang, Y. and Zhao, Y.},
  journal={SIGSPATIAL Special},
  volume={7},
  number={3},
  pages={3--10},
  year={2016},
  doi={10.1145/2876480.2876483},
  url={https://doi.org/10.1145/2876480.2876483}
}

@incollection{delling2009engineering,
  title={Engineering and augmenting route planning algorithms},
  author={Delling, D. and Sanders, P. and Schultes, D. and Wagner, D.},
  booktitle={Algorithmics of Large and Complex Networks},
  volume={5515},
  pages={117--139},
  year={2009},
  publisher={Springer},
  doi={10.1007/978-3-642-02094-0_7}
}

@inproceedings{ma2013tshare,
  title={T-Share: A large-scale dynamic taxi ridesharing},
  author={Ma, S. and Zheng, Y. and Wolfson, O.},
  booktitle={Proceedings of the International Conference on Data Engineering (ICDE)},
  pages={410--421},
  year={2013},
  doi={10.1109/ICDE.2013.6544843},
  url={https://doi.org/10.1109/ICDE.2013.6544843}
}

@article{huang2013large,
  title={Large scale real-time ridesharing with service guarantee on road networks},
  author={Huang, Y. and Jin, R. and Bastani, F. and Wang, X. S.},
  journal={Proceedings of the VLDB Endowment},
  volume={7},
  number={14},
  pages={2017--2028},
  year={2013},
  doi={10.14778/2733085.2733106},
  url={https://doi.org/10.14778/2733085.2733106}
}

@article{coslovich2006twophase,
  title={A two-phase insertion technique of unexpected customers for a dynamic dial-a-ride problem},
  author={Coslovich, L. and Pesenti, R. and Ukovich, W.},
  journal={European Journal of Operational Research},
  volume={175},
  number={3},
  pages={1605--1615},
  year={2006},
  doi={10.1016/j.ejor.2005.02.038},
  url={https://doi.org/10.1016/j.ejor.2005.02.038}
}

@article{jaw1986heuristic,
  title={A heuristic algorithm for the multi-vehicle advance request dial-a-ride problem with time windows},
  author={Jaw, J.-J. and Odoni, A. R. and Psaraftis, H. N. and Wilson, N. H. M.},
  journal={Transportation Research Part B: Methodological},
  volume={20},
  number={3},
  pages={243--257},
  year={1986},
  doi={10.1016/0191-2615(86)90020-2},
  url={https://doi.org/10.1016/0191-2615(86)90020-2}
}

@article{agatz2012optimization,
  title={Optimization for dynamic ride-sharing: A review},
  author={Agatz, N. and Erera, A. and Savelsbergh, M. and Wang, X.},
  journal={European Journal of Operational Research},
  volume={223},
  number={2},
  pages={295--303},
  year={2012},
  doi={10.1016/j.ejor.2012.05.028},
  url={https://doi.org/10.1016/j.ejor.2012.05.028}
}

@article{nash1950equilibrium,
  title={Equilibrium points in n-person games},
  author={Nash, J. F. and others},
  journal={Proceedings of the National Academy of Sciences},
  volume={36},
  number={1},
  pages={48--49},
  year={1950}
}

@article{ayala2018spatio,
  title={Spatio-temporal matching for urban transportation applications},
  author={Ayala, D. and Wolfson, O. and Dasgupta, B. and Lin, J. and Xu, B.},
  journal={ACM Transactions on Spatial Algorithms and Systems},
  volume={3},
  number={4},
  pages={1--39},
  year={2018},
  doi={10.1145/3183344},
  url={https://doi.org/10.1145/3183344}
}

@article{liebling1987large,
  title={Large scale combinatorial optimization problems: randomized exchange heuristics},
  author={Liebling, T. M.},
  journal={IFAC Proceedings Volumes},
  volume={20},
  number={9},
  pages={73--80},
  year={1987},
  doi={10.1016/s1474-6670(17)55683-9},
  url={https://doi.org/10.1016/s1474-6670(17)55683-9}
}

@article{alonso2017ondemand,
  title={On-demand high-capacity ride-sharing via dynamic trip-vehicle assignment},
  author={Alonso-Mora, Javier and Samaranayake, Samitha and Wallar, Alex and Frazzoli, Emilio and Rus, Daniela},
  journal={Proceedings of the National Academy of Sciences},
  volume={114},
  number={3},
  pages={462--467},
  year={2017},
  doi={10.1073/pnas.1611675114}
}

@article{dantzig1959truck,
  title={The truck dispatching problem},
  author={Dantzig, G. B. and Ramser, J. H.},
  journal={Management Science},
  volume={6},
  number={1},
  pages={80--91},
  year={1959},
  doi={10.1287/mnsc.6.1.80},
  url={https://doi.org/10.1287/mnsc.6.1.80}
}

@article{flood1956traveling,
  title={The traveling-salesman problem},
  author={Flood, Merrill M.},
  journal={Operations Research},
  volume={4},
  number={1},
  pages={61--75},
  year={1956},
  doi={10.1287/opre.4.1.61},
  url={https://doi.org/10.1287/opre.4.1.61}
}

@article{golob2001impacts,
  title={Impacts of information technology on personal travel and commercial vehicle operations: Research challenges and opportunities},
  author={Golob, T. F. and Regan, A. C.},
  journal={Transportation Research Part C: Emerging Technologies},
  volume={9},
  number={2},
  pages={87--121},
  year={2001},
  doi={10.1016/S0968-090X(00)00041-3}
}

@article{srinivasan2006impact,
  title={Impact of mobile phones on travel: Empirical analysis of activity chaining, ridesharing, and virtual shopping},
  author={Srinivasan, K. K. and Raghavender, P. N.},
  journal={Transportation Research Record},
  volume={1977},
  number={1},
  pages={258--267},
  year={2006},
  doi={10.1177/0361198106197700129}
}

@article{altshuler2017ridesharing,
  title={Ride sharing and dynamic networks analysis},
  author={Altshuler, T. and Katoshevski, R. and Shiftan, Y.},
  journal={arXiv preprint arXiv:1706.00581},
  year={2017},
  url={https://arxiv.org/abs/1706.00581}
}

@article{bischoff2016simulation30,
  title={Simulation of city-wide replacement of private cars with autonomous taxis in Berlin},
  author={Bischoff, J. and Maciejewski, M.},
  journal={Procedia Computer Science},
  volume={83},
  pages={237--244},
  year={2016},
  doi={10.1016/j.procs.2016.04.121}
}

@inproceedings{dai2017balanced48,
  title={A balanced assignment mechanism for online taxi recommendation},
  author={Dai, G. and Huang, J. and Wambura, S. M. and Sun, H.},
  booktitle={2017 18th IEEE International Conference on Mobile Data Management (MDM)},
  pages={102--111},
  year={2017},
  publisher={IEEE},
  doi={10.1109/MDM.2017.26}
}

@article{hyland2018dynamic86,
  title={Dynamic autonomous vehicle fleet operations: Optimization-based strategies to assign AVs to immediate traveler demand requests},
  author={Hyland, M. and Mahmassani, H. S.},
  journal={Transportation Research Part C: Emerging Technologies},
  volume={92},
  pages={278--297},
  year={2018},
  doi={10.1016/j.trc.2018.03.002}
}

@inproceedings{ma2017ondemand120,
  title={On-demand dynamic bi-/multi-modal ride-sharing using optimal passenger-vehicle assignments},
  author={Ma, T.-Y.},
  booktitle={2017 IEEE International Conference on Environment and Electrical Engineering and 2017 IEEE Industrial and Commercial Power Systems Europe (EEEIC/I\&CPS Europe)},
  pages={1--5},
  year={2017},
  publisher={IEEE},
  doi={10.1109/EEEIC.2017.7977588}
}

@techreport{maciejewski2013simulation121,
  title={Simulation and dynamic optimization of taxi services in MATSim},
  author={Maciejewski, M. and Nagel, K.},
  institution={TU Berlin, Transport Systems Planning and Transport Telematics},
  number={VSP Working Paper 13-0},
  year={2013}
}

@article{liu2018recommending116,
  title={Recommending a personalized sequence of pick-up points},
  author={Liu, Y. and Liu, J. and Liao, Z. and Tang, M. and Chen, J.},
  journal={Journal of Computational Science},
  volume={28},
  pages={382--388},
  year={2018},
  doi={10.1016/j.jocs.2018.10.001}
}

@inproceedings{powell2011towards140,
  title={Towards reducing taxicab cruising time using spatio-temporal profitability maps},
  author={Powell, J. W. and Huang, Y. and Bastani, F. and Ji, M.},
  booktitle={International Symposium on Spatial and Temporal Databases},
  pages={242--260},
  year={2011},
  publisher={Springer},
  doi={10.1007/978-3-642-22922-0_14}
}

@inproceedings{shen2015managing156,
  title={Managing autonomous mobility on demand systems for better passenger experience},
  author={Shen, W. and Lopes, C.},
  booktitle={International Conference on Principles and Practice of Multi-Agent Systems},
  pages={20--35},
  year={2015},
  publisher={Springer},
  doi={10.1007/978-3-319-25524-8_2}
}

@article{atahran2014multicriteria22,
  title={A multicriteria dial-a-ride problem with an ecological measure and heterogeneous vehicles},
  author={Atahran, A. and Lent{\'e}, C. and T’kindt, V.},
  journal={Journal of Multi-Criteria Decision Analysis},
  volume={21},
  number={5-6},
  pages={279--298},
  year={2014},
  doi={10.1002/mcda.1508}
}

@article{ota2017stars135,
  title={Stars: Simulating taxi ride sharing at scale},
  author={Ota, M. and Vo, H. and Silva, C. and Freire, J.},
  journal={IEEE Transactions on Big Data},
  volume={3},
  number={3},
  pages={349--361},
  year={2017},
  doi={10.1109/TBDATA.2016.2634862}
}

@article{lehuede2014multicriteria107,
  title={A multi-criteria large neighbourhood search for the transportation of disabled people},
  author={Lehu{\'e}d{\'e}, F. and Masson, R. and Parragh, S. N. and P{\'e}ton, O. and Tricoire, F.},
  journal={Journal of the Operational Research Society},
  volume={65},
  number={7},
  pages={983--1000},
  year={2014},
  doi={10.1057/jors.2013.47}
}

@article{kirchler2013granular96,
  title={A granular tabu search algorithm for the dial-a-ride problem},
  author={Kirchler, D. and Calvo, R. W.},
  journal={Transportation Research Part B: Methodological},
  volume={56},
  pages={120--135},
  year={2013},
  doi={10.1016/j.trb.2013.07.014}
}

@article{santos2015taxi152,
  title={Taxi and ride sharing: A dynamic dial-a-ride problem with money as an incentive},
  author={Santos, D. O. and Xavier, E. C.},
  journal={Expert Systems with Applications},
  volume={42},
  number={19},
  pages={6728--6737},
  year={2015},
  doi={10.1016/j.eswa.2015.04.059}
}

@article{stiglic2015benefits161,
  title={The benefits of meeting points in ride-sharing systems},
  author={Stiglic, M. and Agatz, N. and Savelsbergh, M. and Gradisar, M.},
  journal={Transportation Research Part B: Methodological},
  volume={82},
  pages={36--53},
  year={2015},
  doi={10.1016/j.trb.2015.07.025}
}

@article{berbeglia2012hybrid28,
  title={A hybrid tabu search and constraint programming algorithm for the dynamic dial-a-ride problem},
  author={Berbeglia, G. and Cordeau, J.-F. and Laporte, G.},
  journal={INFORMS Journal on Computing},
  volume={24},
  number={3},
  pages={343--355},
  year={2012},
  doi={10.1287/ijoc.1110.0477}
}

@inproceedings{herbawi2012ridematching80,
  title={The ridematching problem with time windows in dynamic ridesharing: A model and a genetic algorithm},
  author={Herbawi, W. and Weber, M.},
  booktitle={2012 IEEE Congress on Evolutionary Computation (CEC)},
  pages={1--8},
  year={2012},
  publisher={IEEE},
  doi={10.1109/CEC.2012.6256115}
}

@article{goel2017optimal68,
  title={Optimal pick up point selection for effective ride sharing},
  author={Goel, P. and Kulik, L. and Ramamohanarao, K.},
  journal={IEEE Transactions on Big Data},
  volume={3},
  number={2},
  pages={154--168},
  year={2017},
  doi={10.1109/TBDATA.2016.2637380}
}

@inproceedings{ma2013tshare118,
  title={T-share: A large-scale dynamic taxi ridesharing service},
  author={Ma, S. and Zheng, Y. and Wolfson, O.},
  booktitle={2013 IEEE 29th International Conference on Data Engineering (ICDE)},
  pages={410--421},
  year={2013},
  publisher={IEEE},
  doi={10.1109/ICDE.2013.6544843}
}

@article{stiglic2016making162,
  title={Making dynamic ride-sharing work: The impact of driver and rider flexibility},
  author={Stiglic, M. and Agatz, N. and Savelsbergh, M. and Gradisar, M.},
  journal={Transportation Research Part E: Logistics and Transportation Review},
  volume={91},
  pages={190--207},
  year={2016},
  doi={10.1016/j.tre.2016.04.010}
}

@article{qian2017optimal143,
  title={Optimal assignment and incentive design in the taxi group ride problem},
  author={Qian, X. and Zhang, W. and Ukkusuri, S. V. and Yang, C.},
  journal={Transportation Research Part B: Methodological},
  volume={103},
  pages={208--226},
  year={2017},
  doi={10.1016/j.trb.2017.03.007}
}

@article{dorey2014ridesharing53,
  title={Can ride-sharing become attractive? A case study of taxi-sharing employing a simulation modelling approach},
  author={d'Orey, P. M. and Ferreira, M.},
  journal={IET Intelligent Transport Systems},
  volume={9},
  number={2},
  pages={210--220},
  year={2014},
  doi={10.1049/iet-its.2013.0096}
}

@article{naoum2015stochastic133,
  title={Stochastic optimization approach for the car placement problem in ridesharing systems},
  author={Naoum-Sawaya, J. and Cogill, R. and Ghaddar, B. and Sajja, S. and Shorten, R. and Taheri, N. and Tommasi, P. and Verago, R. and Wirth, F.},
  journal={Transportation Research Part B: Methodological},
  volume={80},
  pages={173--184},
  year={2015},
  doi={10.1016/j.trb.2015.06.003}
}

@article{stiglic2016making162,
  title={Making dynamic ride-sharing work: The impact of driver and rider flexibility},
  author={Stiglic, M. and Agatz, N. and Savelsbergh, M. and Gradisar, M.},
  journal={Transportation Research Part E: Logistics and Transportation Review},
  volume={91},
  pages={190--207},
  year={2016},
  doi={10.1016/j.tre.2016.04.010}
}

@techreport{hyland2018sharing87,
  title={Sharing is caring: Dynamic autonomous vehicle fleet operations under demand surges},
  author={Hyland, M. F. and Mahmassani, H. S.},
  year={2018},
  type={Technical Report},
  institution={TU}
}

@article{masoud2017using126,
  title={Using bilateral trading to increase ridership and user permanence in ridesharing systems},
  author={Masoud, N. and Lloret-Batlle, R. and Jayakrishnan, R.},
  journal={Transportation Research Part E: Logistics and Transportation Review},
  volume={102},
  pages={60--77},
  year={2017},
  doi={10.1016/j.tre.2017.03.010}
}

@article{molenbruch2017typology128,
  title={Typology and literature review for dial-a-ride problems},
  author={Molenbruch, Y. and Braekers, K. and Caris, A.},
  journal={Annals of Operations Research},
  volume={259},
  number={1-2},
  pages={295--325},
  year={2017},
  doi={10.1007/s10479-017-2525-0}
}

@article{calvo2004distributed38,
  title={A distributed geographic information system for the daily car pooling problem},
  author={Calvo, R. W. and de Luigi, F. and Haastrup, P. and Maniezzo, V.},
  journal={Computers \& Operations Research},
  volume={31},
  number={13},
  pages={2263--2278},
  year={2004},
  doi={10.1016/S0305-0548(03)00191-2}
}

@article{stiglic2018enhancing163,
  title={Enhancing urban mobility: Integrating ride-sharing and public transit},
  author={Stiglic, M. and Agatz, N. and Savelsbergh, M. and Gradisar, M.},
  journal={Computers \& Operations Research},
  volume={90},
  pages={12--21},
  year={2018},
  doi={10.1016/j.cor.2017.09.019}
}

@article{goel2017optimal68,
  title={Optimal pick up point selection for effective ride sharing},
  author={Goel, P. and Kulik, L. and Ramamohanarao, K.},
  journal={IEEE Transactions on Big Data},
  volume={3},
  number={2},
  pages={154--168},
  year={2017},
  doi={10.1109/TBDATA.2016.2637380}
}

@article{li2016share110,
  title={The share-a-ride problem with stochastic travel times and stochastic delivery locations},
  author={Li, B. and Krushinsky, D. and Van Woensel, T. and Reijers, H. A.},
  journal={Transportation Research Part C: Emerging Technologies},
  volume={67},
  pages={95--108},
  year={2016},
  doi={10.1016/j.trc.2016.02.010}
}

@article{tachet2017scaling165,
  title={Scaling law of urban ride sharing},
  author={Tachet, R. and Sagarra, O. and Santi, P. and Resta, G. and Szell, M. and Strogatz, S. and Ratti, C.},
  journal={Scientific Reports},
  volume={7},
  pages={42868},
  year={2017},
  doi={10.1038/srep42868}
}

@inproceedings{farin2016framework56,
  title={A framework for dynamic vehicle pooling and ride-sharing system},
  author={Farin, N. J. and Rimon, M. N. A. A. and Momen, S. and Uddin, M. S. and Mansoor, N.},
  booktitle={2016 International Workshop on Computational Intelligence (IWCI)},
  pages={204--208},
  year={2016},
  publisher={IEEE},
  doi={10.1109/IWCI.2016.7860351}
}

@inproceedings{kleiner2011mechanism98,
  title={A mechanism for dynamic ride sharing based on parallel auctions},
  author={Kleiner, A. and Nebel, B. and Ziparo, V. A.},
  booktitle={Proceedings of the Twenty-Second International Joint Conference on Artificial Intelligence (IJCAI)},
  year={2011}
}

@article{fink2019column58,
  title={Column generation for vehicle routing problems with multiple synchronization constraints},
  author={Fink, M. and Desaulniers, G. and Frey, M. and Kiermaier, F. and Kolisch, R. and Soumis, F.},
  journal={European Journal of Operational Research},
  volume={272},
  number={2},
  pages={699--711},
  year={2019},
  doi={10.1016/j.ejor.2018.06.034}
}

@article{drexl2012synchronization54,
  title={Synchronization in vehicle routing—a survey of VRPs with multiple synchronization constraints},
  author={Drexl, M.},
  journal={Transportation Science},
  volume={46},
  number={3},
  pages={297--316},
  year={2012},
  doi={10.1287/trsc.1120.0413}
}

@article{agatz2011dynamic7,
  title={Dynamic ride-sharing: A simulation study in metro Atlanta},
  author={Agatz, N. A. and Erera, A. L. and Savelsbergh, M. W. and Wang, X.},
  journal={Transportation Research Part B: Methodological},
  volume={45},
  number={9},
  pages={1450--1464},
  year={2011},
  doi={10.1016/j.trb.2011.05.017}
}

@article{wang2018stable173,
  title={Stable matching for dynamic ride-sharing systems},
  author={Wang, X. and Agatz, N. and Erera, A.},
  journal={Transportation Science},
  volume={52},
  number={4},
  pages={850--867},
  year={2018},
  doi={10.1287/trsc.2017.0779}
}

@inproceedings{linares2016simulation87,
  title={A simulation framework for real-time assessment of dynamic ride sharing demand responsive transportation models},
  author={Linares, M. P. and Montero, L. and Barcel{\'o}, J. and Carmona, C.},
  booktitle={2016 Winter Simulation Conference (WSC)},
  pages={2216--2227},
  year={2016},
  publisher={IEEE},
  doi={10.1109/WSC.2016.7822228}
}

@article{kaan2013vanpool93,
  title={The vanpool assignment problem: Optimization models and solution algorithms},
  author={Kaan, L. and Olinick, E. V.},
  journal={Computers \& Industrial Engineering},
  volume={66},
  number={1},
  pages={24--40},
  year={2013},
  doi={10.1016/j.cie.2013.06.002}
}

@inproceedings{ma2013tshare118,
  title={T-share: A large-scale dynamic taxi ridesharing service},
  author={Ma, S. and Zheng, Y. and Wolfson, O.},
  booktitle={2013 IEEE 29th International Conference on Data Engineering (ICDE)},
  pages={410--421},
  year={2013},
  publisher={IEEE},
  doi={10.1109/ICDE.2013.6544843}
}

@article{ota2017stars135,
  title={Stars: Simulating taxi ride sharing at scale},
  author={Ota, M. and Vo, H. and Silva, C. and Freire, J.},
  journal={IEEE Transactions on Big Data},
  volume={3},
  number={3},
  pages={349--361},
  year={2017},
  doi={10.1109/TBDATA.2016.2638570}
}

@article{mahmoudi2016optimal122,
  title={Finding optimal solutions for vehicle routing problem with pickup and delivery services with time windows: A dynamic programming approach based on state--space--time network representations},
  author={Mahmoudi, M. and Zhou, X.},
  journal={Transportation Research Part B: Methodological},
  volume={89},
  pages={19--42},
  year={2016},
  doi={10.1016/j.trb.2016.03.009}
}

@article{berbeglia2010dynamic27,
  title={Dynamic pickup and delivery problems},
  author={Berbeglia, G. and Cordeau, J.-F. and Laporte, G.},
  journal={European Journal of Operational Research},
  volume={202},
  number={1},
  pages={8--15},
  year={2010},
  doi={10.1016/j.ejor.2009.04.024}
}

@article{pillac2013review138,
  title={A review of dynamic vehicle routing problems},
  author={Pillac, V. and Gendreau, M. and Gu{\'e}ret, C. and Medaglia, A. L.},
  journal={European Journal of Operational Research},
  volume={225},
  number={1},
  pages={1--11},
  year={2013},
  doi={10.1016/j.ejor.2012.08.015}
}

@article{gu2018algorithmic71,
  title={Algorithmic analysis for ridesharing of personal vehicles},
  author={Gu, Q.-P. and Liang, J. L. and Zhang, G.},
  journal={Theoretical Computer Science},
  volume={749},
  pages={36--46},
  year={2018},
  doi={10.1016/j.tcs.2018.02.020}
}

@incollection{zargayouna2012fleet178,
  title={Fleet organization models for online vehicle routing problems},
  author={Zargayouna, M. and Zeddini, B.},
  booktitle={Transactions on Computational Collective Intelligence VII},
  pages={82--102},
  year={2012},
  publisher={Springer},
  doi={10.1007/978-3-642-34288-1_5}
}

@article{cordeau2007dial46,
  title={The dial-a-ride problem: Models and algorithms},
  author={Cordeau, J.-F. and Laporte, G.},
  journal={Annals of Operations Research},
  volume={153},
  number={1},
  pages={29--46},
  year={2007},
  doi={10.1007/s10479-007-0170-8}
}

@article{ropke2009branch148,
  title={Branch and cut and price for the pickup and delivery problem with time windows},
  author={Ropke, S. and Cordeau, J.-F.},
  journal={Transportation Science},
  volume={43},
  number={3},
  pages={267--286},
  year={2009},
  doi={10.1287/trsc.1080.0264}
}

@article{baldacci2004exact24,
  title={An exact method for the car pooling problem based on Lagrangean column generation},
  author={Baldacci, R. and Maniezzo, V. and Mingozzi, A.},
  journal={Operations Research},
  volume={52},
  number={3},
  pages={422--439},
  year={2004},
  doi={10.1287/opre.1030.0100}
}

@article{ghilas2018branch65,
  title={Branch-and-price for the pickup and delivery problem with time windows and scheduled lines},
  author={Ghilas, V. and Cordeau, J.-F. and Demir, E. and Van Woensel, T.},
  journal={Transportation Science},
  volume={52},
  number={5},
  pages={1191--1210},
  year={2018},
  doi={10.1287/trsc.2017.0807}
}

@article{braekers2016multi35,
  title={A multi-period dial-a-ride problem with driver consistency},
  author={Braekers, K. and Kovacs, A. A.},
  journal={Transportation Research Part B: Methodological},
  volume={94},
  pages={355--377},
  year={2016},
  doi={10.1016/j.trb.2016.09.005}
}

@article{deakin2010markets51,
  title={Markets for dynamic ridesharing? Case of Berkeley, California},
  author={Deakin, E. and Frick, K. T. and Shively, K. M.},
  journal={Transportation Research Record},
  volume={2187},
  number={1},
  pages={131--137},
  year={2010},
  doi={10.3141/2187-17}
}

@article{liu2015branch114,
  title={A branch-and-cut algorithm for a realistic dial-a-ride problem},
  author={Liu, M. and Luo, Z. and Lim, A.},
  journal={Transportation Research Part B: Methodological},
  volume={81},
  pages={267--288},
  year={2015},
  doi={10.1016/j.trb.2015.06.010}
}

@article{huang2013large85,
  title={Large scale realtime ridesharing with service guarantee on road networks},
  author={Huang, Y. and Jin, R. and Bastani, F. and Wang, X. S.},
  journal={arXiv preprint arXiv:1302.6666},
  year={2013}
}

@phdthesis{ameli2019heuristic16,
  title={Heuristic Methods for Calculating Dynamic Traffic Assignment},
  author={Ameli, M.},
  year={2019},
  school={Universit{\'e} de Lyon}
}

@article{ameli2020simulation18,
  title={Simulation-based dynamic traffic assignment: Meta-heuristic solution methods with parallel computing},
  author={Ameli, M. and Lebacque, J.-P. and Leclercq, L.},
  journal={Computer-Aided Civil and Infrastructure Engineering},
  volume={35},
  number={10},
  pages={1047--1062},
  year={2020},
  doi={10.1111/mice.12577}
}

@inproceedings{herbawi2012genetic81,
  title={A genetic and insertion heuristic algorithm for solving the dynamic ridematching problem with time windows},
  author={Herbawi, W. M. and Weber, M.},
  booktitle={Proceedings of the 14th annual conference on Genetic and evolutionary computation},
  pages={385--392},
  year={2012},
  publisher={ACM},
  doi={10.1145/2330163.2330222}
}

@article{jung2016dynamic92,
  title={Dynamic shared-taxi dispatch algorithm with hybrid-simulated annealing},
  author={Jung, J. and Jayakrishnan, R. and Park, J. Y.},
  journal={Computer-Aided Civil and Infrastructure Engineering},
  volume={31},
  number={4},
  pages={275--291},
  year={2016},
  doi={10.1111/mice.12160}
}

@article{mourad2019survey130,
  title={A survey of models and algorithms for optimizing shared mobility},
  author={Mourad, A. and Puchinger, J. and Chu, C.},
  journal={Transportation Research Part B: Methodological},
  year={2019},
  doi={10.1016/j.trb.2018.12.003}
}

@phdthesis{fagnant2014future,
  author       = {Fagnant, Daniel James},
  title        = {The Future of Fully Automated Vehicles: Opportunities for Vehicle- and Ride-Sharing, with Cost and Emissions Savings},
  year         = {2014},
  school       = {The University of Texas at Austin},
  note         = {Available at: \url{http://hdl.handle.net/2152/25932}},
}

@article{ortiz2018multi,
  author       = {Ortiz-Astorquiza, Camilo and Contreras, Ivan and Laporte, Gilbert},
  title        = {Multi-Level Facility Location Problems},
  journal      = {European Journal of Operational Research},
  volume       = {267},
  number       = {3},
  pages        = {791--805},
  year         = {2018},
  month        = jun,
  doi          = {10.1016/j.ejor.2017.10.019},
  url          = {https://doi.org/10.1016/j.ejor.2017.10.019},
}

@article{cordeau2007dial,
  author = {Cordeau, Jean-François and Laporte, Gilbert},
  title = {The dial-a-ride problem: Models and algorithms},
  journal = {Annals of Operations Research},
  volume = {153},
  number = {1},
  pages = {29-46},
  year = {2007},
  publisher = {Springer}
}

@article{gendreau1994tabu,
  author = {Gendreau, Michel and Hertz, Alain and Laporte, Gilbert},
  title = {A tabu search heuristic for the vehicle routing problem with time windows},
  journal = {Transportation Science},
  volume = {28},
  number = {2},
  pages = {106-118},
  year = {1994},
  publisher = {INFORMS}
}

@article{jaw1986heuristic,
  author = {Jaw, James J. and Odoni, Amedeo R. and Psaraftis, Harilaos N. and Wilson, Nigel H. M.},
  title = {A heuristic algorithm for the multi-vehicle advance request dial-a-ride problem with time windows},
  journal = {Transportation Research Part B: Methodological},
  volume = {20},
  number = {3},
  pages = {243-257},
  year = {1986},
  publisher = {Elsevier}
}

@article{potvin1993kinterchange,
  author = {Potvin, Jean-Yves and Rousseau, Jean-Marie},
  title = {A parallel route building algorithm for the vehicle routing and scheduling problem with time windows},
  journal = {European Journal of Operational Research},
  volume = {66},
  number = {3},
  pages = {331-340},
  year = {1993},
  publisher = {Elsevier}
}

@book{spall2003introduction,
  author = {Spall, James C.},
  title = {Introduction to Stochastic Search and Optimization: Estimation, Simulation, and Control},
  year = {2003},
  publisher = {John Wiley & Sons},
  address = {Hoboken, NJ},
  doi = {10.1002/0471722138}
}

@article{klapp2020decentralized,
  author = {Klapp, Manuel A. and Adulyasak, Yossiri and Cordeau, Jean-François},
  title = {The decentralized dial-a-ride problem},
  journal = {Transportation Research Part B: Methodological},
  volume = {134},
  pages = {21-39},
  year = {2020},
  publisher = {Elsevier},
  doi = {10.1016/j.trb.2020.02.002}
}

@article{ichoua2003vehicle,
  author = {Ichoua, Soumia and Gendreau, Michel and Potvin, Jean-Yves},
  title = {Vehicle dispatching with time-dependent travel times},
  journal = {European Journal of Operational Research},
  volume = {144},
  number = {2},
  pages = {379-396},
  year = {2003},
  publisher = {Elsevier},
  doi = {10.1016/S0377-2217(02)00147-4}
}

@article{alonso2017demand,
  author = {Alonso-Mora, Javier and Samaranayake, Samitha and Wallar, Alex and Frazzoli, Emilio and Rus, Daniela},
  title = {On-demand high-capacity ride-sharing via dynamic trip-vehicle assignment},
  journal = {Proceedings of the National Academy of Sciences},
  volume = {114},
  number = {3},
  pages = {462-467},
  year = {2017},
  publisher = {National Academy of Sciences},
  doi = {10.1073/pnas.1611675114}
}

@article{masoud2017decentralized,
  author = {Masoud, Neda and Jayakrishnan, R.},
  title = {A real-time algorithm to solve the peer-to-peer ride-matching problem in a dynamic environment},
  journal = {Transportation Research Part B: Methodological},
  volume = {106},
  pages = {218-236},
  year = {2017},
  publisher = {Elsevier},
  doi = {10.1016/j.trb.2017.10.011}
}

@article{shen2018integrating,
  author = {Shen, Y. and Zhang, H. and Zhao, J.},
  title = {Integrating shared autonomous vehicle in public transportation system: A supply-side simulation of the first-mile service in Singapore},
  journal = {Transportation Research Part A: Policy and Practice},
  volume = {113},
  pages = {125-136},
  year = {2018},
  publisher = {Elsevier},
  doi = {10.1016/j.tra.2018.04.004}
}

@article{paranjape2020urban,
  author = {Paranjape, Raman and Boysen, Torsten and Lysne, Ola and Hellstern, Max},
  title = {Urban energy sharing: Smart microgrids and energy communities},
  journal = {Renewable and Sustainable Energy Reviews},
  volume = {134},
  pages = {110134},
  year = {2020},
  publisher = {Elsevier},
  doi = {10.1016/j.rser.2020.110134}
}

@article{george2021energy,
  author = {George, Johan and Doolla, Satish and Banerjee, Rangan},
  title = {Energy management of smart microgrids with renewable energy sources: A comprehensive review},
  journal = {Renewable and Sustainable Energy Reviews},
  volume = {151},
  pages = {111567},
  year = {2021},
  publisher = {Elsevier},
  doi = {10.1016/j.rser.2021.111567}
}

@article{peterson2020integrating,
  author = {Peterson, Scott B. and Whitacre, Jay F. and Apt, Jay},
  title = {The economics of using plug-in hybrid electric vehicle battery packs for grid storage},
  journal = {Journal of Power Sources},
  volume = {195},
  number = {8},
  pages = {2377-2384},
  year = {2020},
  publisher = {Elsevier},
  doi = {10.1016/j.jpowsour.2020.09.046}
}

@article{paranjape2020urban,
  author = {Paranjape, Raman and Boysen, Torsten and Lysne, Ola and Hellstern, Max},
  title = {Urban energy sharing: Smart microgrids and energy communities},
  journal = {Renewable and Sustainable Energy Reviews},
  volume = {134},
  pages = {110134},
  year = {2020},
  publisher = {Elsevier},
  doi = {10.1016/j.rser.2020.110134}
}

@article{george2021energy,
  author = {George, Johan and Doolla, Satish and Banerjee, Rangan},
  title = {Energy management of smart microgrids with renewable energy sources: A comprehensive review},
  journal = {Renewable and Sustainable Energy Reviews},
  volume = {151},
  pages = {111567},
  year = {2021},
  publisher = {Elsevier},
  doi = {10.1016/j.rser.2021.111567}
}

@article{peterson2020integrating,
  author = {Peterson, Scott B. and Whitacre, Jay F. and Apt, Jay},
  title = {The economics of using plug-in hybrid electric vehicle battery packs for grid storage},
  journal = {Journal of Power Sources},
  volume = {195},
  number = {8},
  pages = {2377-2384},
  year = {2020},
  publisher = {Elsevier},
  doi = {10.1016/j.jpowsour.2020.09.046}
}

@article{masoud2017using126,
  author    = {Masoud, Neda and Jayakrishnan, R.},
  title     = {Using peer-to-peer mechanisms to regulate ride-sharing systems},
  journal   = {Transportation Research Part B: Methodological},
  volume    = {99},
  pages     = {1--17},
  year      = {2017},
  publisher = {Elsevier}
}

@article{lazzaretti2021real,
  author    = {Lazzaretti, Anelise E. and Ritt, Marcus and Oliveira, Diego},
  title     = {Real-time ride-sharing with time windows: A branch-price-and-cut algorithm},
  journal   = {European Journal of Operational Research},
  volume    = {293},
  number    = {3},
  pages     = {1052--1065},
  year      = {2021},
  publisher = {Elsevier}
}

@article{liu2020optimizing,
  author    = {Liu, Weiran and Bian, Ziyou and Fan, Wenbo},
  title     = {Optimizing ride-sharing services with flexible vehicle capacities and dynamic demand},
  journal   = {Transportation Research Part C: Emerging Technologies},
  volume    = {118},
  pages     = {102708},
  year      = {2020},
  publisher = {Elsevier}
}

@article{hu2020electric,
  author    = {Hu, Jianan and Zhang, Yong and Rong, Jian},
  title     = {Electric vehicle fleet management considering charging constraints: A ride-sharing perspective},
  journal   = {Journal of Advanced Transportation},
  volume    = {2020},
  pages     = {1--15},
  year      = {2020},
  publisher = {Hindawi}
}

@article{yang2021dynamic,
  author    = {Yang, Xiaofan and Sun, Lei and Wang, Jun},
  title     = {Dynamic capacity allocation for shared autonomous vehicle fleets: A multi-agent approach},
  journal   = {Transportation Research Part E: Logistics and Transportation Review},
  volume    = {147},
  pages     = {102231},
  year      = {2021},
  publisher = {Elsevier}
}

@Inbook{Crama1995,
    author="Crama, Y.
    and Kolen, A. W. J.
    and Pesch, E. J.",
    editor="Braspenning, P. J.
    and Thuijsman, F.
    and Weijters, A. J. M. M.",
    title="Local search in combinatorial optimization",
    bookTitle="Artificial Neural Networks: An Introduction to ANN Theory and Practice",
    year="1995",
    publisher="Springer Berlin Heidelberg",
    address="Berlin, Heidelberg",
    pages="157--174",
    isbn="978-3-540-49283-2",
    doi="10.1007/BFb0027029",
    url="https://doi.org/10.1007/BFb0027029"
}

@incollection{nagarajan2024decentralised,
  title={Decentralised Vehicle Allocation for Community-Based Ride-Sharing Services},
  author={Nagarajan, Avinash and McGibney, Alan and Fenton, Pio and Castiñeiras, Ignacio},
  booktitle={Smart Cities, Green Technologies, and Intelligent Transport Systems},
  pages={24--47},
  year={2024},
  publisher={Springer},
  doi={10.1007/978-3-031-70966-1_2},
  series={Communications in Computer and Information Science},
  volume={1989}
}

@inproceedings{nagarajan2024reward,
  author={Nagarajan, Avinash and McGibney, Alan and Fenton, Pio and Castiñeiras, Ignacio},
  title={Reward-based Charging Schedule for a Community-based Ride-sharing Service},
  booktitle={2024 IEEE International Conference on Smart Mobility (SM)},
  year={2024},
  pages={209--215},
  address={Niagara Falls, ON, Canada},
  publisher={IEEE},
  doi={10.1109/SM63044.2024.10733393},
  keywords={Schedules; Shared transport; Scheduling algorithms; Scalability; Charging stations; Electric vehicle charging; Optimization; Ride-sharing; Smart Energy Communities; Charging Scheduling; Electric Vehicles; Optimisation}
}

@article{sarmento2014match,
  author = {Sarmento, H. and Marcelino, R. and Anguera, M. T. and Campaniço, J. and Matos, N. and Leitão, J. C.},
  title = {Match analysis in football: a systematic review},
  journal = {Journal of Sports Sciences},
  volume = {32},
  number = {20},
  pages = {1831--1843},
  year = {2014},
  month = {Dec},
  doi = {10.1080/02640414.2014.898852}
}

@book{talbi2009metaheuristics,
  title={Metaheuristics: From Design to Implementation},
  author={Talbi, El-Ghazali},
  year={2009},
  publisher={John Wiley \& Sons}
}

@book{gendreau2010handbook,
  title={Handbook of Metaheuristics},
  author={Gendreau, Michel and Potvin, Jean-Yves},
  series={International Series in Operations Research \& Management Science},
  volume={146},
  year={2010},
  publisher={Springer}
}
